<?xml version="1.0" encoding="UTF-8"?><collection xmlns="http://www.loc.gov/MARC21/slim"><record><leader>00368nam--2200121-i-4500</leader><controlfield tag="001">000007762</controlfield><controlfield tag="002">20161230</controlfield><controlfield tag="005">20161230201027</controlfield><controlfield tag="008">060222s1000------------r-----000-0-eng-d</controlfield><datafield ind1=" " ind2=" " tag="100"><subfield code="a">Brewer, D.F</subfield></datafield><datafield ind1=" " ind2=" " tag="245"><subfield code="a">Quantum fluids. proceedings of the sussex uni versity symposium, 16-20 august 1965</subfield></datafield><datafield ind1=" " ind2=" " tag="260"><subfield code="a">Amsterdam, North-holland Publ. Co., 1966 Viii + 360 P</subfield></datafield><datafield ind1=" " ind2=" " tag="852"><subfield code="a">24492</subfield></datafield></record></collection>